@online{JSAssembly,
	author = {Hanselman, Scott},
	title = {JavaScript is Assembly Language for the Web: Sematic Markup is Dead! Clean vs. Machine-coded HTML},
	url = {https://www.hanselman.com/blog/JavaScriptIsAssemblyLanguageForTheWebSematicMarkupIsDeadCleanVsMachinecodedHTML.aspx},
	note = {Dostęp: 07-12-2017}
}

@online{MaxCdnWebApp,
	author = {Ndegwa, Amos},
	title = {What is a Web Application?},
	url = {https://www.maxcdn.com/one/visual-glossary/web-application/},
	note = {Dostęp: 13-12-2017}
}
